@BOOK{basics-of-hacking-and-pt,
  author = {Patrick Engelbretson},
  title = {The Basics of Hacking and Penetration Testing: Ethical Hacking and Penetration Testing Made Easy},
  year = {2011},
  isbn = {978-0-12-411644-3},
  publisher = {Syngress}
}

@ONLINE{ptes,
  auhtor = {PTES Team},
  title = {Penetration Testing Execution Standard},
  year = {2012},
  urldate={2019-08-10}
}

@ONLINE{offensive-security,
  author={Offensive Security},
  title={Training, Certifications and Services},
  url={https://www.offensive-security.com},
  urldate={2019-08-12}
}

@ONLINE{kali-linux,
  author={Offensive Security},
  title={Kali -- Our Most Advanced Penetration Testing Distribution, Ever},
  url={https://www.kali.org},
  urldate={2019-08-12}
}

@ONLINE{kali-linux-tools,
  title={Kali Linux Tools Listing},
  url={http://tools.kali.org/tools-listing},
  urldate={2019-08-12}
}

@ONLINE{parrot-os,
  author={Parrot Team},
  title={Parrot OS -- The advanced system for security experts, developers and crypto-addicted people},
  url={https://www.parrotsec.org/},
  urldate={2019-08-13}
}

@BOOK{google-hacking,
  author={Johnny Long and Bill Gardner and Justin Brown},
  title={Google Hacking for Penetration Testers},
  year={2015},
  edition={Third},
  publisher={Syngress}
}

@ONLINE{shodan,
  author={Shodan},
  title={The world's first search engine for Internet-connected devices},
  url={https://www.shodan.io/},
  urldate={2019-08-10}
}

@ONLINE{maltego,
  author={Paterva},
  title={Maltego Clients},
  url={https://www.paterva.com/buy/maltego-clients.php},
  urldate={2019-08-10}
}

@ONLINE{nmap,
  author={Gordon Lyon},
  title={Nmap: the Network Mapper -- Free Security Scanner},
  url={https://nmap.org/},
  urldate={2019-08-01}
}

@ONLINE{wireshark,
  author={Wireshark Foundation},
  title={Wireshark},
  url={https://www.wireshark.org/},
  urldate={2019-08-03}
}

@ONLINE{nessus,
  author={Tenable},
  title={Nessus -- Comprehensive Vulnerability Assessment Solution},
  url={https://www.tenable.com/products/nessus},
  urldate={2019-08-01}
}

@ONLINE{metasploit,
  author={Rapid7},
  title={Metasploit -- Penetration Testing Software, Pen Testing Security},
  url={https://www.metasploit.com},
  urldate={2019-08-04}
}

@ONLINE{john,
  author={Openwall},
  title={John the Ripper password cracker},
  url={https://www.openwall.com/john},
  urldate={2019-08-04}
}

@ONLINE{hydra,
  author={THC},
  title={Hydra},
  url={https://github.com/vanhauser-thc/thc-hydra},
  urldate={2019-08-04}
}

@ONLINE{burp,
  author={PortSwigger},
  title={Burp Suite Scanner},
  url={https://portswigger.net/burp},
  urldate={2019-08-04}
}

@ONLINE{aircrack-ng,
  author={Aircrack-ng},
  title={Aircrack-ng},
  url={https://www.aircrack-ng.org/},
  urldate={2019-08-03}
}

@ONLINE{github-drone-hacking,
  author={Mark Szabo-Simon},
  publisher={GitHub},
  title={Let's hack a drone!},
  url={https://github.com/markszabo/drone-hacking},
  urldate={2019-07-27}
}

@INPROCEEDINGS{hacking-securing-ardrone2,
  author={Johann Pleban and Ricardo Band and Reiner Creutzburg},
  publisher={ResearchGate},
  title={Hacking and securing the AR.Drone 2.0 quadcopter - Investigations for improving the security of a toy},
  year={2014},
  url={https://www.researchgate.net/publication/260420467},
  doi={10.1117/12.2044868}
}
